@article{RegionPhotometric,
title={A Robust Monocular 3D Object Tracking Method Combining Statistical and Photometric Constraints},
author={Leisheng Zhong and Li Zhang},
journal={International Journal of Computer Vision},
year={2018},
pages={1-20}
}
 
@inproceedings{LukasKanade,
author = {Lucas, Bruce and Kanade, Takeo},
year = {1981},
month = {04},
pages = {},
title = {An Iterative Image Registration Technique with an Application to Stereo Vision (IJCAI)},
volume = {81},
journal = {[No source information available]}
}

@InProceedings{LourakisFeatures,
author="Lourakis, Manolis
and Zabulis, Xenophon",
editor="Chen, Mei
and Leibe, Bastian
and Neumann, Bernd",
title="Model-Based Pose Estimation for Rigid Objects",
booktitle="Computer Vision Systems",
year="2013",
publisher="Springer Berlin Heidelberg",
address="Berlin, Heidelberg",
pages="83--92",
isbn="978-3-642-39402-7"
}

@article{Lepetit,
author = {Lepetit, Vincent and Moreno-Noguer, Francesc and Fua, Pascal},
year = {2009},
month = {02},
pages = {},
title = {EPnP: An accurate O(n) solution to the PnP problem},
volume = {81},
journal = {International Journal of Computer Vision},
doi = {10.1007/s11263-008-0152-6}
}

@inproceedings{Bibby2008,
title={Robust Real-Time Visual Tracking Using Pixel-Wise Posteriors},
author={Charles Bibby and Ian D. Reid},
booktitle={ECCV},
year={2008}
}

@article{PWP3D,
author = {Prisacariu, Victor},
year = {2009},
month = {01},
pages = {},
title = {PWP3D: Real-time segmentation and tracking of 3D objects}
}

@inproceedings{Tjaden2017,
author = {Tjaden, Henning and Schwanecke, Ulrich and Sch√∂mer, Elmar},
year = {2017},
month = {10},
pages = {},
title = {Real-Time Monocular Pose Estimation of 3D Objects Using Temporally Consistent Local Color Histograms},
doi = {10.1109/ICCV.2017.23}
}

@article{Tjaden2018,
author = {Tjaden, Henning and Schwanecke, Ulrich and Schomer, Elmar and Cremers, Daniel},
year = {2018},
month = {12},
pages = {1-1},
title = {A Region-Based Gauss-Newton Approach to Real-Time Monocular Multiple Object Tracking},
volume = {PP},
journal = {IEEE Transactions on Pattern Analysis and Machine Intelligence},
doi = {10.1109/TPAMI.2018.2884990}
}

@InProceedings{Bugaev_2018_ECCV,
author = {Bugaev, Bogdan and Kryshchenko, Anton and Belov, Roman},
title = {Combining 3D Model Contour Energy and Keypoints for Object Tracking},
booktitle = {The European Conference on Computer Vision (ECCV)},
month = {September},
year = {2018}
}

@article{Marchand2001,
  title = "A {2D-3D} model-based approach to real-time visual tracking",
  journal = "Image and Vision Computing",
  publisher = "Elsevier",
  volume = "19",
  number = "13",
  pages = "941--955",
  year = "2001",
  issn = "0262-8856",
  doi = "10.1016/S0262-8856(01)00054-3",
  author = "Eric Marchand and Patrick Bouthemy and Francois Chaumette"
}

@inproceedings{Marchand2003,
  author={A. I. Comport and E. Marchand and F. Chaumette},
  booktitle={The Second IEEE and ACM International Symposium on Mixed
             and Augmented Reality},
  title={A real-time tracker for markerless augmented reality},
  year={2003},
  volume={},
  number={},
  pages={36--45},
  doi={10.1109/ISMAR.2003.1240686},
  ISSN={},
  month={Oct}
}

@article{CANNY,
  author={J. Canny},
  journal={IEEE Transactions on Pattern Analysis and Machine Intelligence},
  publisher = "IEEE Computer Society",
  address = "Washington, DC, USA",
  title={A Computational Approach to Edge Detection},
  year={1986},
  volume={PAMI-8},
  number={6},
  pages={679--698},
  doi={10.1109/TPAMI.1986.4767851},
  ISSN={0162-8828},
  month={Nov}
}

@article{BasinHopping,
  author = {Wales, David J. and Doye, Jonathan P. K.},
  title = {Global Optimization by Basin-Hopping and the Lowest Energy
           Structures of Lennard-Jones Clusters Containing up to 110 Atoms},
  journal = {The Journal of Physical Chemistry},
  publisher = {American Chemical Society},
  volume = {101},
  number = {28},
  pages = {5111--5116},
  year = {1997},
  doi = {10.1021/jp970984n},
}

@book{SLSQP,
  title={A Software Package for Sequential Quadratic Programming},
  author={Kraft, D.},
  series={Deutsche Forschungs- und Versuchsanstalt f{\"u}r Luft- und Raumfahrt
          K{\"o}ln: Forschungsbericht},
  year={1988},
  publisher={Wiss. Berichtswesen d. DFVLR}
}

@article{Metropolis,
  author = {Nicholas Metropolis and Arianna W. Rosenbluth and
            Marshall N. Rosenbluth and Augusta H. Teller and Edward Teller},
  title = {Equation of State Calculations by Fast Computing Machines},
  journal = {The Journal of Chemical Physics},
  publisher = {American Institute of Physics},
  volume = {21},
  number = {6},
  pages = {1087--1092},
  year = {1953},
  doi = {10.1063/1.1699114},
}

@article{Marchand2006,
  title = "Real-Time Markerless Tracking for Augmented Reality: The Virtual Visual Servoing Framework",
  author = "Andrew I. Comport and Eric Marchand and Muriel Pressigout and Francois Chaumette",
  journal = "IEEE Transactions on Visualization and Computer Graphics",
  publisher = "IEEE Educational Activities Department",
  address = "Piscataway, NJ, USA",
  volume = "12",
  year = "2006",
  month ="Jul",
  pages = "615--628",
  doi = "10.1109/TVCG.2006.78",
}

@article{Vacchetti2004,
  title = "Stable Real-Time {3D} Tracking Using Online and Offline Information",
  author = "Luca Vacchetti and Vincent Lepetit and Pascal Fua",
  journal = "IEEE Transactions on Pattern Analysis and Machine Intelligence",
  publisher="IEEE Computer Society",
  address = "Washington, DC, USA",
  pages = "1385--1391",
  year = "2004",
  month ="Oct",
  day ="10",
  volume = "26",
  doi = "10.1109/TPAMI.2004.92",
}

@inproceedings{RAPID,
  title = "{RAPID} -- a video rate object tracker",
  booktitle = {Proceedings of the British Machine Vision Conference},
  author = "C. Harris and C. Stennett",
  publisher = "BMVA Press",
  address = "Guildford",
  editors = "Sleigh, Andrew",
  volume = "6",
  pages = "15.1--15.6",
  year = "1990",
  month ="Sep",
  doi = "10.5244/C.4.15"
}

@inproceedings{Lourakis2013,
  title = "Model-based pose estimation for rigid objects",
  author="Lourakis, Manolis and Zabulis, Xenophon",
  editor = "Chen, Mei and Leibe, Bastian and Neumann, Bernd",
  booktitle = "International Conference on Computer Vision Systems",
  series = "LNCS",
  volume = "7963",
  pages = "83--92",
  year = "2013",
  day ="16",
  isbn = "978-3-642-39401-0",
  doi = "10.1007/978-3-642-39402-7\_9",
  publisher = {Springer},
  address = {Heidelberg},
}

% TODO
@inproceedings{Choi2012,
  author = {Changhyun Choi and Henrik I. Christensen},
  title = {{3D} textureless object detection and tracking: An edge-based approach},
  booktitle = {{IEEE/RSJ} International Conference on Intelligent Robots and
               Systems},
  pages = {3877--3884},
  year = {2012},
  month = {Oct},
  location = {Vilamoura, Algarve, Portugal},
  doi = {10.1109/IROS.2012.6386065},
}

@article{SeoHinterstoisser2014,
  title = "Optimal Local Searching for Fast and Robust Textureless {3D} Object Tracking in Highly Cluttered Backgrounds",
  author = "Byung-Kuk Seo and Hanhoon Park and Jong-Il Park and Stefan Hinterstoisser and Slobodan Ilic",
  journal = "IEEE Transactions on Visualization and Computer Graphics",
  publisher = "IEEE Educational Activities Department",
  address = "Piscataway, NJ, USA",
  volume = "20",
  year = "2014",
  month ="Jan",
  pages = "99--110",
  doi = "10.1109/TVCG.2013.94"
}

@article{WangZhong2015,
  author = {Wang, Guofeng and Wang, Bin and Zhong, Fan and Qin, Xueying and Chen, Baoquan},
  title = {Global Optimal Searching for Textureless {3D} Object Tracking},
  journal = {The Visual Computer: International Journal of Computer Graphics},
  issue_date = {June 2015},
  volume = {31},
  number = {6-8},
  month = "Jun",
  year = {2015},
  issn = {0178-2789},
  pages = {979--988},
  numpages = {10},
  doi = {10.1007/s00371-015-1098-7},
  acmid = {2793294},
  publisher = {Springer-Verlag New York, Inc.},
  address = {Secaucus, NJ, USA}
}

@inproceedings{WangZhong2017,
  author = {Wang, Bin and Zhong, Fan and Qin, Xueying},
  title = {Pose Optimization in Edge Distance Field for Textureless {3D} Object Tracking},
  booktitle = {Proceedings of the Computer Graphics International Conference},
  series = {CGI},
  year = {2017},
  isbn = {978-1-4503-5228-4},
  location = {Yokohama, Japan},
  pages = {32:1--32:6},
  articleno = {32},
  numpages = {6},
  doi = {10.1145/3095140.3095172},
  acmid = {3095172},
  publisher = {ACM},
  address = {New York}
}

@article{DistanceField,
  author = {Kimmel, Ron and Kiryati, Nahum and Bruckstein, Alfred M.},
  title = {Sub-pixel Distance Maps and Weighted Distance Transforms},
  journal = {Journal of Mathematical Imaging and Vision - Special
             issue on topology and geometry in computer vision},
  issue_date = {June 1996},
  volume = {6},
  number = {2-3},
  month = jun,
  year = {1996},
  issn = {0924-9907},
  pages = {223--233},
  numpages = {11},
  doi = {10.1007/BF00119840},
  acmid = {234049},
  publisher = {Kluwer Academic Publishers},
  address = {Norwell, MA, USA}
}

@inproceedings{Klein2006,
  author = {Georg Klein and David W. Murray},
  title = {Full-{3D} Edge Tracking with a Particle Filter},
  booktitle = {Proceedings of the British Machine Vision Conference},
  publisher = {BMVA Press},
  address = {Guildford},
  pages = {1119--1128},
  year = {2006},
  day = "4",
  month = "Sep",
  doi = {10.5244/C.20.114}
}

@inproceedings{OPT,
  author = {Wu, Po-Chen and Lee, Yueh-Ying and Tseng, Hung-Yu
            and Ho, Hsuan-I and Yang, Ming-Hsuan and Chien, Shao-Yi},
  title = {A Benchmark Dataset for {6DoF} Object Pose Tracking},
  booktitle = {IEEE International Symposium on Mixed and Augmented Reality},
  series = {ISMAR-Adjunct},
  publisher = {IEEE Computer Society},
  address = {Washington, DC, USA},
  pages = {186--191},
  year = {2017},
  month = "Oct",
  day = "9",
  location = {Nantes, France},
  doi = {10.1109/ISMAR-Adjunct.2017.62},
  isbn = {978-0-7695-6327-5},
}

@article{ORBSLAM,
  author = {Raul Mur{-}Artal and Juan D. Tard{\'{o}}s},
  title = {{ORB-SLAM2}: an Open-Source {SLAM} System for Monocular,
           Stereo and {RGB-D} Cameras},
  journal = {IEEE Transactions on Robotics},
  volume = {33},
  issue = {5},
  publisher = {IEEE},
  pages = {1255--1262},
  year = {2017},
  doi = {10.1109/TRO.2017.2705103}
}

@inproceedings{Pauwels2013,
  title = {Real-Time Model-Based Rigid Object Pose Estimation
           and Tracking Combining Dense and Sparse Visual Cues},
  author = {Karl Pauwels and Leonardo Rubio and Javier D{\'i}az and Eduardo Ros Vidal},
  booktitle = {IEEE Conference on Computer Vision and Pattern Recognition},
  year = {2013},
  month = "Jun",
  address = "Portland, Oregon, USA",
  pages = {2347--2354},
  publisher = {IEEE},
  issn = {1063-6919},
  doi = {10.1109/CVPR.2013.304}
}

@inproceedings{Damen2012,
  title = {Real-time Learning and Detection of {3D} Texture-less Objects: A Scalable Approach},
  author = {Dima Damen and Pished Bunnun and Andrew Calway and Walterio Mayol-cuevas},
  year = {2012},
  pages = {23.1--23.12},
  booktitle = {Proceedings of the British Machine Vision Conference},
  address = "Guildford",
  editors = {Bowden, Richard and Collomosse, John and Mikolajczyk, Krystian},
  publisher = {BMVA Press},
  isbn = {1-901725-46-4},
  doi = {http://dx.doi.org/10.5244/C.26.23}
}

@inproceedings{VacchettiEdges2004,
  author = {Vacchetti, Luca and Lepetit, Vincent and Fua, Pascal},
  title = {Combining Edge and Texture Information for Real-Time Accurate {3D} Camera Tracking},
  booktitle = {Proceedings of the 3rd IEEE/ACM International Symposium on Mixed and Augmented Reality},
  series = {ISMAR},
  year = {2004},
  isbn = {0-7695-2191-6},
  pages = {48--57},
  numpages = {10},
  doi = {10.1109/ISMAR.2004.24},
  acmid = {1033703},
  publisher = {IEEE Computer Society},
  address = {Washington, DC, USA}
}

@inproceedings{LucasAndKanade,
  author = {Lucas, Bruce D. and Kanade, Takeo},
  title = {An Iterative Image Registration Technique with an Application to Stereo Vision},
  booktitle = {Proceedings of the 7th International Joint Conference on Artificial Intelligence},
  volume = {2},
  series = {IJCAI},
  year = {1981},
  location = {Vancouver, BC, Canada},
  pages = {674--679},
  numpages = {6},
  acmid = {1623280},
  publisher = {Morgan Kaufmann},
  address = {San Francisco, CA, USA}
}

@article{TomasiAndKanade,
  author = {Tomasi, Carlo and Kanade, Takeo},
  year = {1991},
  month = {01},
  pages = {137-154},
  title = {Detection and Tracking of Point Features},
  volume = {9},
  journal = {International Journal of Computer Vision},
  publisher = {Springer},
  address = {Heidelberg}
}

@techreport{ShiAndTomasi,
  author = {Shi, Jianbo and Tomasi, Carlo},
  title = {Good Features to Track},
  year = {1993},
  publisher = {Cornell University},
  address = {Ithaca, NY, USA}
}

@article{RANSAC,
  author = {Fischler, Martin A. and Bolles, Robert C.},
  title = {Random Sample Consensus: A Paradigm for Model Fitting with
           Applications to Image Analysis and Automated Cartography},
  journal = {Communications of the ACM},
  issue_date = {June 1981},
  volume = {24},
  number = {6},
  month = jun,
  year = {1981},
  issn = {0001-0782},
  pages = {381--395},
  numpages = {15},
  doi = {10.1145/358669.358692},
  acmid = {358692},
  publisher = {ACM},
  address = {New York, NY, USA}
}

@article{LepetitSurvey,
  author = {Lepetit, Vincent and Fua, Pascal},
  title = {Monocular Model-based {3D} Tracking of Rigid Objects},
  journal = {Foundations and Trends in Computer Graphics and Vision},
  issue_date = {2005},
  volume = {1},
  number = {1},
  month = jan,
  year = {2005},
  issn = {1572-2740},
  pages = {1--89},
  numpages = {89},
  doi = {10.1561/0600000001},
  acmid = {1166406},
  publisher = {Now Publishers},
  address = {Hanover, MA, USA}
}

@article{MarchandSurvey,
  author = {Marchand, Eric and Uchiyama, Hideaki and Spindler, Fabien},
  title = {Pose Estimation for Augmented Reality: A Hands-On Survey},
  journal = {IEEE Transactions on Visualization and Computer Graphics},
  issue_date = {December 2016},
  volume = {22},
  number = {12},
  month = dec,
  year = {2016},
  issn = {1077-2626},
  pages = {2633--2651},
  numpages = {19},
  doi = {10.1109/TVCG.2015.2513408},
  acmid = {3024837},
  publisher = {IEEE Educational Activities Department},
  address = {Piscataway, NJ, USA}
}

@article{ChoiFeaturesAndEdges,
  author = {Choi, Changhyun and Christensen, Henrik I},
  title = {Robust {3D} Visual Tracking Using Particle Filtering on the Special
           Euclidean Group: A Combined Approach of Keypoint and Edge Features},
  journal = {International Journal of Robotics Research},
  issue_date = {April 2012},
  volume = {31},
  number = {4},
  month = apr,
  year = {2012},
  issn = {0278-3649},
  pages = {498--519},
  numpages = {22},
  doi = {10.1177/0278364912437213},
  acmid = {2181164},
  publisher = {Sage Publications},
  address = {Thousand Oaks, CA, USA}
}

@book{EnergyLandscapes,
  place={Cambridge},
  series={Cambridge Molecular Science},
  title={Energy Landscapes: Applications to Clusters, Biomolecules and Glasses},
  DOI={10.1017/CBO9780511721724},
  publisher={Cambridge University Press},
  author={Wales, David},
  year={2004},
  collection={Cambridge Molecular Science}
}

@article{ProteinFolding,
  author = {Q. Li, Z and Scheraga, HA},
  year = {1987},
  month = {11},
  pages = {6611-5},
  title = {Monte Carlo-Minimization Approach to the Multiple-Minima Problem in Protein Folding},
  volume = {84},
  booktitle = {Proceedings of the National Academy of Sciences of the United States of America}
}

@article {Biomolecules,
  author = {Wales, David J. and Scheraga, Harold A.},
  title = {Global Optimization of Clusters, Crystals, and Biomolecules},
  volume = {285},
  number = {5432},
  pages = {1368--1372},
  year = {1999},
  doi = {10.1126/science.285.5432.1368},
  publisher = {American Association for the Advancement of Science},
  issn = {0036-8075},
  URL = {http://science.sciencemag.org/content/285/5432/1368},
  eprint = {http://science.sciencemag.org/content/285/5432/1368.full.pdf},
  journal = {Science}
}

@Article{Snakes1988,
  author="Kass, Michael
  and Witkin, Andrew
  and Terzopoulos, Demetri",
  title="Snakes: Active contour models",
  journal="International Journal of Computer Vision",
  year="1988",
  month="Jan",
  day="01",
  volume="1",
  number="4",
  pages="321--331",
  issn="1573-1405",
  doi="10.1007/BF00133570",
  url="https://doi.org/10.1007/BF00133570"
}

@inproceedings{AKAZE,
  title={Fast Explicit Diffusion for Accelerated Features
         in Nonlinear Scale Spaces},
  author={Pablo Fern{\'a}ndez Alcantarilla and Jes{\'u}s Nuevo
          and Adrien Bartoli},
  booktitle={BMVC},
  year={2013}
}

@Article{EPnP,
  author="Lepetit, Vincent and Moreno-Noguer, Francesc and Fua, Pascal",
  title="EPnP: An Accurate O(n) Solution to the PnP Problem",
  journal="International Journal of Computer Vision",
  year="2008",
  month="Jul",
  day="19",
  volume="81",
  number="2",
  pages="155",
  issn="1573-1405",
  doi="10.1007/s11263-008-0152-6",
  url="https://doi.org/10.1007/s11263-008-0152-6"
}

@article{MEstimators,
  author = "Huber, Peter J.",
  doi = "10.1214/aoms/1177703732",
  fjournal = "The Annals of Mathematical Statistics",
  journal = "Ann. Math. Statist.",
  month = "03",
  number = "1",
  pages = "73--101",
  publisher = "The Institute of Mathematical Statistics",
  title = "Robust Estimation of a Location Parameter",
  url = "https://doi.org/10.1214/aoms/1177703732",
  volume = "35",
  year = "1964"
}

@article{SIFT,
  author = {Lowe, David G.},
  title = {Distinctive Image Features from Scale-Invariant Keypoints},
  journal = {Int. J. Comput. Vision},
  issue_date = {November 2004},
  volume = {60},
  number = {2},
  month = nov,
  year = {2004},
  issn = {0920-5691},
  pages = {91--110},
  numpages = {20},
  url = {https://doi.org/10.1023/B:VISI.0000029664.99615.94},
  doi = {10.1023/B:VISI.0000029664.99615.94},
  acmid = {996342},
  publisher = {Kluwer Academic Publishers},
  address = {Hingham, MA, USA},
  keywords = {image matching, invariant features, object recognition,
              scale invariance},
}

@inproceedings{MSURF,
  author="Agrawal, Motilal
  and Konolige, Kurt
  and Blas, Morten Rufus",
  editor="Forsyth, David
  and Torr, Philip
  and Zisserman, Andrew",
  title="CenSurE: Center Surround Extremas for Realtime Feature Detection and Matching",
  booktitle="Computer Vision -- ECCV 2008",
  year="2008",
  publisher="Springer Berlin Heidelberg",
  address="Berlin, Heidelberg",
  pages="102--115",
  isbn="978-3-540-88693-8"
}

@inproceedings{PROSAC,
  author = {Chum, Ondrej and Matas, Jiri},
  title = {Matching with PROSAC " Progressive Sample Consensus},
  booktitle = {Proceedings of the 2005 IEEE Computer Society Conference on Computer Vision and Pattern Recognition (CVPR'05) - Volume 1 - Volume 01},
  series = {CVPR '05},
  year = {2005},
  isbn = {0-7695-2372-2},
  pages = {220--226},
  numpages = {7},
  url = {http://dx.doi.org/10.1109/CVPR.2005.221},
  doi = {10.1109/CVPR.2005.221},
  acmid = {1068918},
  publisher = {IEEE Computer Society},
  address = {Washington, DC, USA},
}

@article {IRLS,
  title = "Iteratively reweighted algorithms for compressive sensing",
  author = "Rick Chartrand, Wotao Yin",
  journal = "IEEE International Conference on Acoustics, Speech and Signal Processing",
  year = "2008",
  month ="Mar",
  day = "31",
  doi = "10.1109/ICASSP.2008.4518498",
  issn = "1520-6149"
}

@article{UDP,
  author = {Eric Brachmann and Er Krull and Frank Michel and
  Stefan Gumhold and Carsten Rother and Tu Dresden Dresden},
  title = {Learning 6D Object Pose Estimation using 3D Object Coordinates},
  journal = {European Conference on Computer Vision ECCV},
  pages = {536-551},
  year = {2014},
}

@article{ELASTICFUSION,
  author = {Thomas Whelan and Stefan Leutenegger and Renato F and
  Salas-Moreno and Ben Glocker and Andrew J. Davison},
  title = {ElasticFusion: Dense SLAM Without A Pose Graph},
  journal = {Robotics: Science and Systems},
  year = {2015},
  doi = {10.15607/RSS.2015.XI.001}
}

@article{PyrLK,
  author = {{Jean-yves} Bouguet},
  title = {Pyramidal implementation of the Lucas Kanade feature tracker},
  journal = {Intel Corporation, Microprocessor Research Labs},
  year = {2000}
}

@online{FeaturesWiki,
  author       = "Wikipedia",
  title        = "Interest point detection",
  howpublished = "Wikipedia, the free encyclopedia",
  year         = 2019,
  url          = {http://en.wikipedia.org/wiki/Interest_point_detection},
  urldate      = "24.04.2019",
  language     = "english"
}

@online{FlowWiki,
  author       = "Wikipedia",
  title        = "Optical flow",
  howpublished = "Wikipedia, the free encyclopedia",
  year         = 2019,
  url          = {https://en.wikipedia.org/wiki/Optical_flow},
  urldate      = "24.04.2019",
  language     = "english"
}

@misc{Anderson,
  author = {C. H. Anderson and J. R. Bergen and P. J. Burt and J. M. Ogden},
  title = {Pyramid Methods in Image Processing},
  year = {1984}
}
